<record><leader>00000cas a2200000 a 4500</leader><controlfield tag="001">21537047</controlfield><controlfield tag="007">hd afu---bucu</controlfield><controlfield tag="008">900515d18891902caudr nea     0    0eng c</controlfield><datafield ind1=" " ind2=" " tag="010"><subfield code="a">  2009252782</subfield></datafield><datafield ind1=" " ind2=" " tag="040"><subfield code="a">MST</subfield><subfield code="b">eng</subfield><subfield code="c">MST</subfield><subfield code="d">MHN</subfield><subfield code="d">EEM</subfield><subfield code="d">OCL</subfield><subfield code="d">OCLCQ</subfield><subfield code="d">WAU</subfield><subfield code="d">OCLCQ</subfield><subfield code="d">OCLCF</subfield><subfield code="d">OCLCO</subfield></datafield><datafield ind1="1" ind2=" " tag="029"><subfield code="a">AU@</subfield><subfield code="b">000021637329</subfield></datafield><datafield ind1=" " ind2=" " tag="042"><subfield code="a">pcc</subfield></datafield><datafield ind1=" " ind2=" " tag="043"><subfield code="a">n-us-mn</subfield></datafield><datafield ind1="0" ind2=" " tag="130"><subfield code="a">Examiner (San Francisco, Calif. : 1889)</subfield></datafield><datafield ind1="1" ind2="4" tag="245"><subfield code="a">The Examiner</subfield><subfield code="h">[microform].</subfield></datafield><datafield ind1=" " ind2=" " tag="260"><subfield code="a">San Francisco, Calif. :</subfield><subfield code="b">W.R. Hearst,</subfield><subfield code="c">1889-1902.</subfield></datafield><datafield ind1=" " ind2=" " tag="300"><subfield code="a">28 v. :</subfield><subfield code="b">ill.</subfield></datafield><datafield ind1=" " ind2=" " tag="310"><subfield code="a">Daily</subfield></datafield><datafield ind1="0" ind2=" " tag="362"><subfield code="a">Vol. 49, no. 111 (Oct. 20, 1889)-v. 76, no. 86 (Mar. 27, 1902).</subfield></datafield><datafield ind1=" " ind2=" " tag="533"><subfield code="a">Microfilm.</subfield><subfield code="b">Wooster, OH :</subfield><subfield code="c">Micro Photo Division, Bell &amp; Howell.</subfield><subfield code="e">82 microfilm reels ; 35 mm.</subfield></datafield><datafield ind1=" " ind2="0" tag="651"><subfield code="a">San Francisco (Calif.)</subfield><subfield code="v">Newspapers.</subfield></datafield><datafield ind1=" " ind2="0" tag="651"><subfield code="a">San Francisco Bay Area (Calif.)</subfield><subfield code="v">Newspapers.</subfield></datafield><datafield ind1=" " ind2="7" tag="655"><subfield code="a">Newspapers.</subfield><subfield code="2">fast</subfield><subfield code="0">(OCoLC)fst01423814</subfield></datafield><datafield ind1=" " ind2="7" tag="651"><subfield code="a">California</subfield><subfield code="z">San Francisco.</subfield><subfield code="2">fast</subfield><subfield code="0">(OCoLC)fst01204481</subfield></datafield><datafield ind1=" " ind2="7" tag="651"><subfield code="a">California</subfield><subfield code="z">San Francisco Bay Area.</subfield><subfield code="2">fast</subfield><subfield code="0">(OCoLC)fst01242397</subfield></datafield><datafield ind1="1" ind2=" " tag="700"><subfield code="a">Hearst, William Randolph,</subfield><subfield code="d">1863-1951.</subfield></datafield><datafield ind1=" " ind2=" " tag="752"><subfield code="a">United States</subfield><subfield code="b">California</subfield><subfield code="c">San Francisco</subfield><subfield code="d">San Francisco.</subfield></datafield><datafield ind1="0" ind2=" " tag="776"><subfield code="t">Examiner (San Francisco, Calif. : 1889)</subfield><subfield code="w">(DLC)sn 83045403</subfield><subfield code="w">(OCoLC)9518453</subfield></datafield><datafield ind1="0" ind2="0" tag="780"><subfield code="t">Daily examiner (San Francisco, Calif.)</subfield><subfield code="w">(OCoLC)21537076</subfield></datafield><datafield ind1="0" ind2="0" tag="785"><subfield code="t">San Francisco examiner</subfield><subfield code="w">(OCoLC)9190427</subfield></datafield></record>